@article{horia2016,
  title={Perturbed Iterate Analysis for Asynchronous Stochastic Optimization},
  author={Mania Horia, Xinghao Pan, Dimitris Papailiopoulos, Benjamin Recht, Kannan Ramchandran, Michael I. Jordan},
  year={2016},
  publisher={arXiv}
}


@article{niu2011,
  title={HOGWILD!: A Lock-Free Approach to Parallelizaing Stochastic Gradient Descent},
  author={Fen Niu, Benjamin Recht, Christopher Re, Stephen J. Wright},
  year={2011},
  publisher={arXiv}
}


@misc{libSVM,
  title={LIBSVM Data: Classification (Binary Class)},
  howpublished={\url{http://www.csie.ntu.edu.tw/~cjlin/libsvmtools/datasets/binary.html}},
  note={Accessed:2016-11-21}
}
